<?xml version="1.0" encoding="UTF-8"?><collection xmlns="http://www.loc.gov/MARC21/slim"><record><leader>00407nam--2200133-i-4500</leader><controlfield tag="001">000014332</controlfield><controlfield tag="002">20161230</controlfield><controlfield tag="005">20161230201030</controlfield><controlfield tag="008">060222s1000------------r-----000-0-eng-d</controlfield><datafield ind1=" " ind2=" " tag="080"><subfield code="a">539.12.047:621.039.83:63</subfield></datafield><datafield ind1=" " ind2=" " tag="100"><subfield code="a">Draganescu, Iulian</subfield></datafield><datafield ind1=" " ind2=" " tag="245"><subfield code="a">Radiostimularea, o aplicatie a tehnicilor nuc leare in agricultura</subfield></datafield><datafield ind1=" " ind2=" " tag="260"><subfield code="a">Bucuresti, Editura Stiintifica Si Enciclopedic A, 1983 239 P</subfield></datafield><datafield ind1=" " ind2=" " tag="852"><subfield code="a">70697</subfield></datafield></record></collection>